@article{PerkelJeffrey2016,
entrysubtype = {magazine},
url = {https://www.nature.com/articles/538127a},
date = {2016},
title = {Democratic databases: science on GitHub},
author = {given={Jeffrey }, family={PerkelÂ }},
journaltitle = {Nature}
}